1616 2566
322 170 372 198 168
1308 170 1478 192 DUITSLAND

320 258 358 287 G.
380 256 638 286 OPPERRIJNSE
659 255 797 284 KREITS

320 347 365 374 De
375 343 688 381 vertegenwoordiging
700 342 736 378 bij
748 342 783 370 de
794 341 980 378 Opperrijnse
992 341 1087 370 Kreits
1097 341 1126 368 in
1137 341 1172 368 de
1178 340 1259 376 jaren
1275 340 1342 368 1703
1354 344 1397 368 tot
1412 339 1479 367 1709

319 400 355 420 en
375 392 445 419 1744
460 396 504 418 tot
523 390 601 423 1795,
618 389 734 416 meestal
752 388 780 415 in
796 388 831 415 de
848 396 918 422 rang
933 396 989 415 van
1006 387 1133 415 minister
1149 385 1404 421 plenipotentiaris,
1421 394 1478 412 was

319 434 540 471 gecombineerd
554 438 612 462 met
625 433 671 462 die
685 432 722 468 bij
737 433 772 461 de
787 432 1135 467 Nederrijns-Westfaalse
1148 430 1253 464 Kreits,
1268 430 1479 464 Württemberg

319 480 354 508 of
364 480 400 508 de
411 480 596 508 keurvorsten
609 486 664 505 van
676 477 712 505 de
725 476 808 510 Palts,
822 476 948 508 Beieren,
960 476 1047 509 Trier,
1062 475 1162 504 Mainz
1174 474 1208 503 of
1217 474 1337 502 Keulen.

322 612 486 642 1703-1709
505 610 727 640 extraordinaris
738 609 847 644 envoyé

413 656 505 691 Adolf
513 655 638 684 Hendrik
652 654 702 682 des
717 654 790 682 H.R.
806 653 971 688 Rijksgraaf
984 662 1032 681 van
1047 653 1210 685 Rechteren,
1226 660 1266 679 nr.
1286 652 1344 679 106.

322 745 485 774 1744-1747
497 744 533 780 (2)
555 743 690 776 minister,
706 742 832 770 minister
847 741 1092 777 plenipotentiaris
1110 742 1178 769 1745

416 788 520 824 Tjaard
532 797 582 816 van
596 787 693 822 Aylva,
708 795 749 814 nr.
769 787 826 814 107.

324 878 487 906 1749-1778
508 876 634 904 minister
648 874 893 910 plenipotentiaris

416 921 486 950 Carl
495 920 634 949 Friedrich
646 920 696 948 des
710 920 783 947 H.R.
798 918 962 954 Rijksgraaf
974 928 1022 946 von
1042 917 1253 950 Wartensleben,
1267 924 1308 944 nr.
1327 916 1386 944 114.

324 1010 487 1040 1778-1789
506 1008 734 1044 zaakgelastigde

416 1055 508 1089 Georg
522 1054 604 1082 Ernst
617 1054 727 1086 Lucius,
743 1060 784 1079 nr.
804 1052 861 1079 115.

325 1142 488 1172 1789-1795
509 1141 635 1169 minister
649 1139 894 1176 plenipotentiaris

415 1186 547 1215 Heinrich
562 1186 667 1221 August
682 1185 774 1213 baron
790 1193 839 1212 von
850 1183 963 1217 Kinkel,
979 1192 1019 1212 nr.
1035 1184 1079 1212 98.

326 1366 363 1392 H.
384 1364 498 1392 TRIER

328 1454 372 1480 De
388 1450 700 1487 vertegenwoordiging
718 1449 754 1484 bij
773 1449 808 1477 de
826 1449 974 1477 keurvorst
991 1457 1046 1476 van
1063 1447 1143 1476 Trier
1159 1446 1187 1475 in
1204 1446 1240 1474 de
1252 1446 1333 1481 jaren
1356 1445 1424 1473 1724
1441 1448 1485 1472 tot

331 1497 398 1524 1733
409 1504 444 1524 en
461 1496 528 1524 1749
540 1500 584 1523 tot
598 1495 666 1522 1796
678 1494 706 1521 in
718 1494 754 1521 de
766 1502 835 1528 rang
846 1501 902 1520 van
913 1493 1036 1521 resident
1047 1492 1082 1520 of
1091 1492 1218 1520 minister
1229 1488 1484 1526 plenipotentiaris,

328 1550 384 1569 was
402 1538 621 1576 gecombineerd
640 1542 696 1566 met
713 1538 760 1566 die
777 1537 813 1572 bij
832 1537 868 1565 de
885 1536 1071 1572 Opperrijnse
1088 1536 1123 1564 of
1138 1533 1486 1569 Nederrijns-Westfaalse

328 1585 462 1614 Kreitsen
475 1584 509 1612 of
519 1584 555 1612 de
569 1584 755 1611 keurvorsten
767 1590 821 1610 van
835 1582 871 1610 de
884 1582 969 1615 Palts,
985 1580 1084 1610 Mainz
1097 1580 1132 1608 of
1142 1579 1263 1608 Keulen.

329 1718 492 1746 1724-1733
512 1716 635 1744 resident

420 1761 552 1790 Frederik
567 1760 693 1788 Hendrik
709 1768 758 1787 van
773 1759 962 1792 Bilderbeeck,
978 1767 1018 1786 nr.
1038 1758 1096 1786 113.

330 1850 493 1879 1749-1778
514 1849 640 1877 minister
654 1847 900 1884 plenipotentiaris

423 1894 492 1922 Carl
503 1893 641 1921 Friedrich
653 1893 703 1920 des
717 1893 790 1920 H.R.
804 1891 970 1926 Rijksgraaf
981 1901 1030 1920 von
1048 1890 1261 1922 Wartensleben,
1274 1897 1316 1916 nr.
1334 1889 1394 1916 114,

332 1983 497 2011 1778-1784
516 1980 743 2016 zaakgelastigde

424 2028 516 2061 Georg
529 2027 612 2054 Ernst
625 2026 736 2058 Lucius,
751 2032 792 2052 nr.
809 2024 867 2052 115.

334 2115 499 2144 1784-1796
518 2114 645 2142 minister
659 2112 904 2148 plenipotentiaris

336 2160 396 2188 116.
424 2159 514 2188 Jacob
529 2168 579 2186 van
592 2157 759 2193 Lansberge,
773 2157 835 2192 geb.
851 2156 963 2185 Keulen
977 2157 1013 2184 24
1025 2156 1085 2184 dec.
1104 2155 1182 2189 1740,
1196 2154 1316 2189 ontving
1328 2151 1490 2182 coramissie
