1600 2560
327 699 380 732 IV.
408 696 584 732 DUITSE
610 695 714 730 RIJK

325 794 360 821 A.
383 792 435 821 DE
457 790 604 820 KEIZER
627 790 678 818 EN
698 788 952 818 OOSTENRIJK

325 882 358 910 In
376 881 414 910 de
430 880 520 918 jaren
544 879 616 908 1742
634 884 678 908 tot
701 878 774 908 1748
794 878 990 908 resideerden
1008 883 1036 907 te
1055 877 1301 914 ’s-Gravenhage
1319 875 1481 906 afzonder-

325 925 398 962 lijke
421 922 758 961 vertegenwoordigers
780 932 839 952 van
862 923 900 952 de
924 922 1036 952 Keizer
1057 931 1096 951 en
1120 930 1180 951 van
1202 922 1240 951 de
1263 920 1481 958 Oostenrijkse

325 969 518 998 monarchie:
540 968 577 996 de
600 967 791 1004 Keizerlijke
813 966 1149 1004 vertegenwoordigers
1170 966 1244 1002 (nrs.
1273 966 1326 994 137
1348 974 1387 994 en
1414 963 1481 999 138)

324 1014 448 1042 worden
469 1012 546 1052 vóór
564 1012 601 1040 de
621 1010 838 1048 Oostenrijkse
857 1010 916 1046 (nr.
941 1010 1008 1046 139)
1026 1010 1213 1040 behandeld.

325 1055 389 1078 Litt.:
402 1055 494 1078 Václav
509 1053 599 1080 Cihák,
615 1054 659 1076 Les
675 1052 897 1076 Provinces-Unies
911 1057 934 1076 et
950 1053 972 1076 la
986 1059 1046 1076 cour
1061 1051 1190 1082 impériale
1209 1051 1348 1078 1667-1672,
1362 1051 1481 1080 quelques

323 1096 418 1120 aspects
432 1091 462 1114 de
479 1091 544 1114 leurs
560 1089 677 1113 relations
692 1088 893 1119 diplomatiques,
908 1088 954 1117 (ac.
970 1096 1004 1118 pr.
1021 1088 1174 1118 Nijmegen),
1190 1088 1358 1114 Amsterdam,
1378 1087 1442 1110 1974,

325 1127 347 1150 P.
369 1128 391 1150 L.
413 1127 512 1152 Muller,
533 1126 688 1149 Nederlands
707 1130 784 1149 eerste
803 1124 984 1155 betrekkingen
1004 1128 1054 1148 met
1072 1123 1227 1154 Oostenrijk,
1246 1123 1379 1154 toegelicht
1398 1123 1433 1147 uit
1451 1122 1481 1145 de

323 1161 544 1193 correspondentie
558 1162 602 1186 der
618 1161 763 1191 keizerlijke
777 1166 898 1192 gezanten
914 1165 937 1184 te
952 1160 1156 1190 ’s-Gravenhage,
1172 1160 1340 1187 Amsterdam,
1359 1159 1424 1183 1870.

327 1247 495 1276 1658-1667
526 1245 670 1280 resident,
701 1244 943 1274 extraordinaris
972 1243 1209 1281 gedeputeerde,
1239 1240 1482 1272 extraordinaris

330 1336 389 1365 123.

420 1290 540 1328 envoyé

420 1336 499 1366 Jean
522 1334 650 1372 Friquet,
670 1334 736 1371 geb.
758 1333 791 1362 in
814 1333 897 1368 1593,
918 1333 1068 1363 advocaat
1089 1341 1166 1362 voor
1186 1332 1238 1362 het
1259 1332 1434 1369 parlement
1454 1336 1482 1360 te

423 1380 517 1414 Dôle;
534 1378 762 1416 gedeputeerde
781 1386 841 1407 van
862 1376 1128 1407 Franche-Comté
1148 1382 1177 1406 te
1197 1376 1323 1406 Madrid
1347 1376 1420 1405 1628
1439 1380 1483 1405 tot

427 1424 514 1458 1635;
533 1422 830 1459 achtereenvolgens
850 1422 1039 1459 toegevoegd
1060 1430 1120 1450 aan
1142 1421 1180 1450 de
1201 1421 1300 1450 conde
1324 1420 1370 1449 De
1389 1419 1482 1453 Solre,

422 1469 485 1498 don
509 1469 646 1497 Antonio
668 1466 778 1496 Dávila
798 1466 942 1503 marqués
964 1465 1002 1495 de
1028 1464 1147 1500 Velada,
1169 1464 1294 1496 Johann
1322 1462 1485 1494 Weikhard

423 1518 506 1542 vorst
532 1520 586 1540 von
609 1512 784 1548 Auersperg,
805 1510 894 1548 graaf
914 1519 976 1539 von
999 1510 1228 1546 Münsterberg,
1249 1508 1296 1538 zie
1318 1509 1416 1538 onder
1439 1516 1482 1536 nr.

427 1557 490 1592 126,
506 1557 544 1586 de
560 1556 696 1593 Spaanse
713 1555 934 1584 ambassadeur
950 1564 989 1584 en
1007 1553 1197 1591 Keizerlijke
1214 1551 1484 1590 plenipotentiaris

423 1607 451 1630 te
468 1602 612 1630 Münster
627 1600 728 1636 (1642,
749 1599 831 1634 1643,
847 1608 924 1628 voor
939 1598 996 1628 wie
1012 1598 1056 1636 hij
1074 1598 1105 1627 in
1125 1598 1195 1627 1641
1214 1606 1272 1627 een
1288 1597 1393 1626 missie
1410 1604 1484 1626 naar

420 1645 667 1682 's-Gravenhage
701 1644 872 1679 vervulde),
906 1644 968 1673 don
1006 1644 1165 1672 Francisco
1199 1641 1236 1671 de
1270 1640 1354 1670 Melo
1385 1638 1484 1669 conde

425 1690 612 1723 d'Assúmar,
628 1688 771 1726 marqués
786 1688 823 1718 de
836 1688 898 1718 Tor
911 1688 949 1717 de
965 1688 1100 1724 Laguna,
1114 1687 1152 1716 de
1166 1686 1358 1716 stadhouder
1372 1694 1431 1715 van
1446 1686 1484 1715 de

423 1733 600 1770 Zuidelijke
621 1733 842 1762 Nederlanden
862 1738 907 1762 tot
932 1732 1014 1767 1643,
1035 1740 1074 1761 en
1094 1732 1158 1761 don
1182 1730 1304 1768 Gaspar
1321 1730 1359 1760 de
1379 1730 1487 1760 Braca-

425 1786 529 1808 monte
544 1787 564 1814 y
583 1778 722 1808 Guzman
738 1777 838 1806 conde
858 1776 896 1806 de
914 1776 1101 1810 Pefiaranda,
1120 1776 1158 1805 de
1175 1780 1272 1805 eerste
1290 1774 1484 1812 plenipoten-

423 1823 508 1853 tiaris
533 1822 576 1859 bij
601 1822 638 1851 de
664 1821 874 1851 vredehandel
899 1826 928 1850 te
953 1821 1106 1854 Münster,
1130 1829 1192 1849 was
1216 1819 1232 1848 2
1258 1828 1328 1848 nov.
1358 1819 1430 1848 1643
1455 1824 1484 1848 te

423 1867 683 1903 ’s-Gravenhage;
701 1866 768 1895 trad
788 1865 819 1894 in
843 1865 914 1895 1653
936 1865 967 1894 in
987 1864 1178 1902 Keizerlijke
1197 1863 1312 1898 dienst;
1330 1863 1428 1892 wordt
1446 1863 1484 1892 29

421 1912 485 1949 jan.
506 1904 616 1941 1648°°*
640 1916 668 1940 te
683 1910 928 1947 ’s-Gravenhage
944 1909 1097 1943 vermeld;
1110 1907 1344 1945 overhandigde
1358 1907 1423 1944 zijn
1437 1916 1484 1944 ge-

424 1955 634 1986 loofsbrieven
660 1954 675 1983 3
700 1960 775 1991 sept.
804 1954 876 1983 1658
900 1962 939 1983 en
964 1954 1024 1983 had
1048 1952 1113 1990 zijn
1137 1958 1234 1982 eerste
1258 1951 1417 1982 audiëntie
1440 1952 1484 1981 als

424 2000 558 2030 resident
579 2008 638 2028 van
659 2000 697 2028 de
719 1998 830 2028 Keizer
848 1999 868 2026 4
886 2003 960 2035 sept.
982 1991 1028 2032 °*;
1048 1997 1130 2026 werd
1152 1997 1228 2026 later
1247 1996 1420 2026 bevorderd
1440 2000 1484 2025 tot

327 2136 372 2158 262
392 2135 567 2165 Doopgetuige
584 2134 625 2157 Ev.
644 2134 712 2157 Luth.
729 2133 787 2156 kerk
803 2132 1007 2162 ’s-Gravenhage.

327 2172 371 2196 263
393 2172 468 2196 Komt
484 2171 534 2195 dan
550 2177 612 2194 voor
627 2170 663 2194 als
679 2169 875 2200 “afgezonden”,
891 2173 938 2192 wat
953 2172 1059 2198 opgevat
1076 2174 1133 2198 mag
1148 2167 1249 2192 worden
1265 2167 1301 2191 als
1316 2166 1419 2196 envoyé.
