1576 2582
101 167 229 194 KEIZER,
245 166 289 190 DE
306 166 520 190 KEIZERLIJKE
536 166 646 190 KAPEL
1216 158 1268 188 173

101 249 145 273 DE
161 248 374 273 KEIZERLIJKE
390 248 500 272 KAPEL

100 319 250 338 KAPELAANS

100 398 206 435 (1699)
226 398 406 428 Franciscus
422 408 441 427 a
458 397 575 427 Sancto
591 396 736 434 Josepho,
755 396 913 430 O.Carm.,
931 396 1030 425 wordt
1048 395 1085 424 23
1103 394 1174 432 juni
1197 394 1271 424 1699

198 444 348 473 vermeld.

100 532 300 570 (1710-1711)
318 534 471 562 Henricus
487 542 544 562 van
562 530 802 569 Cauwenbergh,
819 530 951 565 O.F.M.,
966 531 1033 568 geb.
1050 536 1079 560 te
1095 529 1270 567 Waalwijk,

198 577 313 614 doopte
333 577 365 606 in
389 577 464 606 1710
482 585 522 606 en
547 577 628 605 1711.

101 665 300 702 (1710-1711)
322 666 427 695 Petrus
446 664 552 702 Roefs,
572 664 703 698 O.F.M.,
722 664 838 700 doopte
858 663 890 692 in
914 663 989 692 1710
1007 672 1046 692 en
1070 664 1153 692 1711.

101 754 300 791 (1717-1720)
320 753 457 792 Angelus
473 753 512 783 de
527 754 600 784 Jesu
619 753 724 782 Maria
741 752 780 782 de
802 752 978 789 Wacquant,
997 752 1155 786 O.Carm.,
1173 751 1272 781 wordt

199 807 260 828 van
284 799 357 828 1717
377 804 422 828 tot
446 798 520 827 1720
539 797 689 827 vermeld.

102 888 300 926 (1718-1721)
317 888 499 918 Leonardus
512 887 676 922 Halsbant,
690 886 772 922 O.P.,
786 886 885 916 wordt
900 885 932 915 in
950 886 1034 921 1718,
1052 886 1127 916 1720
1140 894 1180 915 en
1198 885 1267 914 1721

200 934 350 969 vermeld,
370 934 386 969 f
405 933 495 971 (imp.
515 932 590 969 bet.)
609 932 857 969 ’s-Gravenhage
876 931 892 960 7
911 930 976 968 jan.
1000 931 1083 960 1724.

101 1024 192 1060 (vóór
219 1024 306 1061 1719)
329 1023 484 1062 Josephus
506 1022 544 1053 de
566 1023 696 1060 Longas,
720 1021 850 1056 O.F.M.,
872 1021 940 1059 geb.
964 1020 1213 1058 's-Gravenhage
1239 1020 1274 1050 14

198 1077 266 1106 aug.
288 1078 327 1099 en
347 1069 414 1106 ged.
436 1068 496 1098 ald.
517 1068 668 1105 (Spaanse
690 1067 774 1104 kap.)
799 1067 833 1096 14
852 1075 920 1104 aug.
947 1060 1067 1101 1681°'°,
1088 1066 1188 1096 wordt
1207 1074 1273 1094 ver-

200 1113 283 1142 meld
300 1120 406 1143 tussen
428 1112 549 1149 1710(?)
565 1121 604 1142 en
625 1112 700 1141 1719
715 1112 760 1141 als
777 1111 930 1148 kapelaan
947 1120 1008 1141 van
1024 1111 1063 1140 de
1079 1109 1272 1147 Keizerlijke

200 1158 306 1194 kapel;
328 1158 411 1187 werd
436 1158 474 1186 28
498 1166 566 1194 aug.
595 1156 670 1186 1719
694 1161 820 1194 pastoor
842 1164 882 1185 en
911 1154 944 1184 10
968 1155 1047 1193 april
1076 1154 1150 1184 1728
1174 1159 1272 1184 eerste

200 1207 326 1239 pastoor
340 1211 401 1232 van
416 1202 455 1232 de
470 1201 560 1232 statie
574 1202 593 1231 ’t
609 1200 764 1238 Boompje
778 1206 807 1230 te
823 1200 1040 1235 Amsterdam;
1053 1199 1197 1237 superior
1211 1208 1271 1229 van

199 1247 237 1276 de
258 1246 364 1277 missie
382 1247 438 1276 der
458 1245 733 1276 minderbroeders
752 1244 868 1282 (1748),
896 1244 904 1280 +
924 1244 1127 1275 Amsterdam
1146 1244 1164 1274 9
1183 1243 1271 1281 april,

200 1292 282 1329 begr.
302 1292 410 1322 aldaar
428 1290 528 1328 (O.k.)
551 1291 582 1321 15
602 1290 681 1328 april
706 1290 787 1320 1757.

200 1334 270 1358 Zoon
286 1342 335 1358 van
353 1334 412 1358 Luis
426 1334 479 1364 (de)
494 1334 597 1364 Longas,
612 1332 650 1357 zie
666 1333 746 1357 onder
762 1339 797 1356 nr.
817 1332 866 1360 152,
882 1338 913 1355 en
931 1333 1004 1356 Anna
1020 1331 1042 1356 le
1057 1330 1147 1356 Grand.

200 1370 330 1396 A.G.A.U.
351 1370 417 1399 1875,
432 1370 471 1398 93,
490 1370 557 1398 1877,
577 1370 618 1394 128
634 1376 665 1393 en
685 1369 751 1397 1912,
768 1369 824 1397 265;
840 1368 878 1392 De
894 1368 968 1392 Kath.
986 1368 1082 1399 Encycl.
1103 1368 1138 1396 16,
1152 1367 1206 1392 601.

103 1446 209 1482 (1729)
229 1447 408 1477 Franciscus
423 1446 462 1476 de
483 1445 572 1484 Wolf,
589 1446 720 1480 O.F.M.,
737 1445 803 1483 geb.
825 1444 1011 1480 1690/1691,
1028 1445 1144 1482 doopte
1161 1443 1197 1472 23
1214 1442 1273 1481 juli

205 1491 279 1520 1729
299 1492 330 1521 in
350 1492 388 1521 de
408 1490 600 1528 Keizerlijke
620 1490 711 1528 kapel
730 1499 769 1519 en
789 1489 887 1519 wordt
906 1498 967 1520 van
991 1489 1065 1518 1736
1084 1494 1129 1518 tot
1152 1487 1273 1524 1746(?)

201 1537 341 1566 vermeld
371 1537 416 1566 als
445 1536 598 1573 kapelaan
628 1544 689 1564 van
718 1535 756 1564 de
786 1534 952 1571 Portugese
982 1534 1082 1571 kapel,
1111 1534 1128 1569 f
1156 1532 1273 1570 (aang.)

201 1580 450 1618 ‘s-Gravenhage
469 1580 508 1609 24
526 1585 600 1617 sept.
625 1580 708 1608 1749.

103 1670 209 1706 (1736)
226 1670 441 1700 Ferdinandus
455 1669 565 1699 Haber
575 1669 673 1699 wordt
689 1668 721 1698 in
741 1668 814 1698 1736
830 1668 981 1703 vermeld,
996 1673 1094 1698 eerste
1110 1667 1272 1704 kapelaan.

103 1760 209 1795 (1736)
228 1760 368 1790 Joannes
386 1760 552 1790 Pantecras
568 1759 666 1788 wordt
686 1758 718 1788 in
742 1758 816 1787 1736
835 1758 985 1788 vermeld.

104 1848 210 1884 (1741)
229 1849 368 1880 Jacobus
385 1848 460 1883 Bles,
481 1848 562 1883 O.P.,
582 1848 681 1878 wordt
701 1847 733 1877 in
757 1848 826 1876 1741
850 1848 1000 1877 vermeld.

104 1938 210 1974 (1741)
226 1938 412 1975 (Johannes)
426 1939 532 1968 Petrus
545 1936 670 1972 Keulen,
685 1936 767 1971 O.P.,
781 1936 954 1974 afkomstig
967 1936 1012 1966 uit
1027 1936 1079 1966 het
1093 1940 1230 1966 convent
1244 1940 1274 1964 te

200 1982 325 2017 Sittard,
347 1984 446 2012 wordt
466 1983 569 2012 sedert
594 1982 663 2011 1741
689 1981 829 2011 vermeld
851 1990 890 2010 en
912 1982 1027 2018 doopte
1049 1990 1111 2018 nog
1132 1979 1164 2009 in
1190 1980 1272 2009 1747.

104 2179 151 2202 310
168 2178 301 2210 Getuigen:
320 2180 383 2202 Dna.
401 2179 432 2202 de
448 2179 513 2202 Fuen
530 2178 614 2202 Maior
625 2183 648 2201 et
666 2177 826 2208 Hyacynthus
840 2176 872 2200 de
887 2177 952 2201 Fuen
970 2177 1058 2204 Maior,
1074 2176 1127 2206 ejus
1142 2175 1217 2199 filius.
