1568 2604
283 152 320 181 24

291 1665 321 1689 50

291 1849 304 1872 5

309 1850 317 1872 ek

291 1959 320 1983 52

291 2069 320 2092 53

1262 150 1454 176 FRANKRIJK

381 247 444 272 met
459 240 561 270 verlof
574 249 614 270 en
630 240 743 270 keerde
758 245 846 278 terug
860 238 937 268 vóór
951 238 988 268 23
1002 238 1082 276 april
1102 238 1186 273 1744,
1201 237 1327 267 vertrok
1342 234 1455 266 defini-

380 286 438 316 tief
453 286 490 316 27
507 285 586 322 april
608 286 691 320 1744,
708 285 841 314 woonde
858 284 890 313 in
911 284 983 313 1725
1000 284 1058 321 “op
1074 284 1113 312 de
1130 282 1398 320 Prinsessegracht
1414 286 1455 310 te-

380 338 518 368 genover
550 330 588 359 de
624 330 808 367 Koekamp”
841 338 880 358 en
914 328 1012 358 vanaf
1048 328 1118 357 1731
1156 328 1214 365 “op
1247 328 1286 357 de
1320 326 1455 356 Prinses-

380 375 554 414 segracht”;
576 384 776 414 gouverneur
800 383 861 405 van
886 373 1037 412 Quesnoy
1060 372 1140 412 april
1170 372 1253 410 1735,
1278 371 1454 404 luitenant

381 420 528 460 generaal
548 421 557 449 1
579 425 681 450 maart
701 419 790 454 1738;
806 419 977 450 staatsraad
995 424 1059 449 met
1076 418 1176 456 degen
1193 423 1269 456 sept.
1292 417 1381 452 1738;
1398 416 1456 447 rid-

382 467 438 496 der
455 466 487 496 in
504 466 543 495 de
560 465 652 495 ordes
669 465 686 494 2
705 465 781 494 febr.
804 464 888 500 1740,
906 465 923 500 +
940 463 1159 502 (gesneuveld)
1177 463 1220 501 bij
1240 463 1401 492 Raucourt
1422 462 1452 492 11

382 512 445 542 okt.
470 510 553 540 1746.

382 554 453 578 Zoon
465 559 514 578 van
528 552 647 582 Frangois
657 551 688 576 de
697 551 816 583 Salignac
824 550 936 582 marquis
948 550 979 576 de
989 550 1013 576 la
1025 549 1235 576 Mothe-Fénelon
1244 556 1276 574 en
1290 548 1417 574 Elisabeth
1428 547 1459 572 de

384 588 733 621 Beaupoil-Sainte-Aulaire;
746 588 859 613 trouwde
874 588 898 612 in
914 588 966 612 dec.
985 588 1039 612 1721
1060 587 1300 616 Louise-Francoise
1314 586 1336 610 le
1350 585 1456 612 Peletier,

382 628 488 651 dochter
506 632 554 650 van
576 626 652 650 Louis
670 625 692 650 le
711 624 816 653 Peletier,
837 625 896 649 heer
914 632 963 648 van
981 623 1246 651 Villeneuve-le-Roi,
1266 623 1324 647 raad
1347 622 1406 646 1687
1424 628 1456 646 en

382 669 461 688 eerste
477 662 603 694 president
623 662 682 686 1707
697 667 732 686 tot
752 662 809 686 1712
825 669 873 686 van
890 662 931 686 het
946 661 1086 692 parlement
1102 668 1151 684 van
1168 660 1252 690 Parijs,
1268 667 1299 684 en
1318 658 1456 684 Charlotte-

386 701 513 725 Henriette
528 698 550 723 le
565 700 659 723 Mairat
674 698 704 723 de
724 698 826 722 Verville.

385 738 426 762 Uit
442 738 478 762 dit
495 736 626 766 huwelijk:

387 776 403 798 1.
435 773 645 802 Frangois-Louis
658 772 770 802 marquis
786 772 817 796 de
830 771 954 802 Salignac,
969 771 1081 795 vermeld
1098 771 1123 794 in
1143 770 1208 794 1739.

384 811 404 834 2.
435 808 853 840 Charlotte-Etiennette-Hypolise
864 808 895 832 de
906 808 1024 839 Salignac
1035 807 1066 832 de
1078 807 1102 832 la
1115 806 1331 835 Mothe-Fénelon,
1344 806 1456 831 vermeld

433 848 458 872 in
478 847 544 871 1739.

384 885 404 908 3.
435 876 633 918 Marie-Louise-
646 884 774 914 Augustine
788 882 819 906 de
832 882 955 912 Salignac,
969 882 1022 912 geb.
1042 882 1068 906 16
1082 881 1138 912 juni
1158 881 1224 909 1733,
1238 881 1292 912 ged.
1307 880 1458 905 ’s-Graven-

434 922 495 952 hage
510 919 637 950 (huiskap.
656 920 746 944 Franse
762 919 880 948 ambass.)
896 918 925 943 28
942 923 1020 942 maart
1040 912 1127 942 1739%.

382 959 404 982 4.
436 955 795 986 Léon-Frangois-Ferdinand
805 955 836 980 de
847 955 970 986 Salignac,
983 955 1036 986 geb.
1050 954 1081 979 30
1094 954 1144 979 mei
1161 954 1228 982 1734,
1240 954 1294 985 ged.
1308 954 1458 978 's-Graven-

434 995 496 1024 hage
510 994 637 1024 (huiskap.
656 994 747 1017 Franse
762 992 880 1021 ambass.)
896 992 926 1016 28
942 997 1021 1016 maart
1041 986 1127 1016 17395.

384 1032 404 1056 5.
434 1029 650 1055 Anne-Charlotte
662 1029 694 1054 de
705 1029 828 1060 Salignac,
841 1029 894 1060 geb.
908 1029 922 1052 5
935 1033 995 1058 sept.
1014 1028 1080 1056 1735,
1093 1028 1146 1058 ged.
1161 1027 1367 1057 ‘s-Gravenhage
1380 1026 1458 1055 (huis-

434 1068 488 1098 kap.
507 1066 598 1092 Franse
613 1066 732 1096 ambass.)
748 1065 777 1090 28
794 1070 873 1090 maart
892 1059 978 1090 1739°%,

384 1106 405 1128 6.
436 1104 674 1132 Etienne-Frangois
692 1102 723 1127 de
741 1102 864 1133 Salignac,
884 1102 937 1133 geb.
962 1102 989 1126 18
1009 1108 1066 1126 nov.
1091 1101 1158 1130 1738,
1177 1101 1230 1132 ged.
1252 1100 1458 1131 's-Gravenhage

433 1142 559 1170 (huiskap.
577 1140 669 1164 Franse
684 1140 802 1168 ambass.)
818 1139 848 1163 28
864 1143 944 1163 maart
963 1132 1048 1162 1739°,

386 1179 423 1202 De
437 1179 459 1202 la
472 1176 720 1207 Chenaye-Desbois
736 1176 770 1204 18,
783 1176 841 1204 219;
853 1176 944 1200 N.U.F.
959 1176 980 1203 7,
992 1176 1051 1203 454;
1062 1174 1247 1202 Saint-Simon,
1261 1174 1407 1201 Mémoires,
1420 1173 1457 1197 éd.

384 1216 415 1239 de
432 1216 453 1239 la
470 1214 576 1242 Pléiade,
592 1214 644 1242 VII,
664 1214 730 1237 1961.

435 1256 469 1284 In
484 1255 522 1284 de
536 1258 635 1282 eerste
649 1252 707 1290 tijd
722 1261 782 1282 van
797 1252 862 1290 zijn
877 1252 1062 1282 ambassade
1076 1260 1138 1280 was
1151 1250 1313 1280 secretaris
1330 1250 1457 1285 Lavaur,

435 1308 474 1328 na
493 1297 558 1335 zijn
578 1298 686 1327 vertek
704 1298 832 1332 Jezuïet,
852 1297 868 1332 f
889 1296 921 1326 in
941 1296 1029 1326 Indië
1049 1296 1081 1325 in
1105 1295 1188 1325 1763.

434 1340 618 1368 Saint-Simon,
634 1339 780 1367 Mémoires,
795 1339 832 1363 éd.
849 1339 880 1363 de
896 1339 918 1363 la
934 1338 1042 1366 Pléiade,
1056 1338 1110 1366 VII,
1128 1338 1196 1366 1961,
1211 1337 1264 1362 582.

432 1380 564 1418 Tijdens
585 1379 651 1417 zijn
673 1378 879 1416 afwezigheid
906 1378 979 1408 1728
1001 1383 1046 1408 tot
1072 1377 1147 1406 1730
1168 1386 1230 1406 was
1251 1376 1364 1414 chargé
1386 1376 1460 1406 d’af-

437 1425 530 1456 faires
548 1424 786 1462 Jean-Baptiste
803 1422 841 1453 de
859 1422 888 1453 la
906 1424 1020 1458 Baune,
1040 1423 1114 1452 heer
1132 1430 1193 1452 van
1212 1422 1323 1456 Paron,
1341 1421 1407 1459 geb.
1427 1420 1459 1450 in

441 1470 524 1506 1688,
539 1478 671 1507 gewoon
688 1469 874 1498 kamerheer
889 1476 951 1498 van
968 1468 1019 1498 het
1036 1466 1107 1498 huis
1122 1467 1176 1497 des
1192 1466 1342 1504 konings;
1357 1466 1460 1496 kwam

436 1516 480 1546 als
500 1514 644 1545 minister
660 1520 707 1544 ter
724 1513 940 1550 waarneming
956 1522 1017 1542 van
1035 1513 1074 1542 de
1091 1512 1193 1542 zaken
1210 1520 1272 1541 van
1291 1510 1460 1548 Frankrijk

339 1664 472 1695 Getuigen:
486 1663 686 1694 Jacques-Louis
698 1662 721 1686 le
734 1662 836 1686 Peletier
846 1661 878 1685 de
890 1661 1072 1688 Montmeliant,
1085 1660 1207 1684 honorair
1219 1659 1346 1690 president
1359 1666 1408 1683 van
1421 1659 1461 1682 het

340 1702 478 1732 parlement
497 1707 544 1724 van
564 1699 650 1730 Parijs,
667 1706 698 1723 en
720 1699 954 1729 Marie-Augustine
970 1698 1001 1721 de
1018 1697 1137 1728 Salignac
1153 1697 1184 1720 de
1201 1696 1225 1720 la
1244 1696 1331 1720 Mothe
1349 1695 1460 1724 Fénelon,

340 1738 465 1768 marquise
481 1737 512 1762 de
529 1738 660 1766 Payrause,
675 1735 892 1766 gerepresenteerd
907 1735 972 1759 door
989 1734 1198 1764 Frangois-Louis
1210 1733 1322 1764 marquis
1338 1733 1370 1756 de
1384 1732 1463 1763 Salig-

341 1782 393 1803 nac,
406 1775 496 1798 oudste
508 1780 574 1798 zoon
587 1780 636 1796 van
649 1773 680 1796 de
692 1772 881 1800 ambassadeur,
894 1778 924 1796 en
940 1770 1174 1795 Louize-Elizabeth
1188 1770 1340 1798 Dauvilliers,
1352 1769 1461 1794 wonend

339 1811 373 1841 bij
388 1811 420 1835 de
436 1810 580 1835 markiezin.

340 1848 472 1879 Getuigen:
491 1848 558 1872 Léon
573 1846 604 1870 de
621 1846 765 1874 Beaumont,
781 1846 901 1876 bisschop
917 1852 965 1869 van
982 1844 1088 1872 Saintes,
1104 1851 1134 1868 en
1152 1844 1268 1868 Susanne
1284 1842 1419 1868 Catharine
1433 1842 1465 1866 de

342 1885 420 1913 Cotte,
438 1885 586 1915 echtgenote
605 1890 653 1907 van
676 1882 899 1907 Charles-Etienne
916 1882 939 1906 le
957 1882 1059 1905 Peletier
1075 1880 1107 1904 de
1126 1880 1242 1911 Beaupré,
1262 1880 1395 1904 intendant
1413 1886 1461 1903 van

340 1922 515 1952 Champagne,
530 1919 748 1952 gerepresenteerd
764 1919 828 1943 door
843 1918 874 1942 de
890 1919 914 1942 in
931 1923 992 1942 noot
1008 1918 1038 1942 50
1052 1917 1219 1948 genoemden.

340 1958 472 1989 Getuigen:
488 1956 712 1982 Charles-Etienne
722 1956 744 1980 le
756 1955 858 1980 Peletier
866 1955 898 1979 de
909 1954 1026 1986 Beaupré,
1039 1954 1172 1978 intendant
1183 1960 1231 1977 van
1243 1953 1420 1983 Champagne,
1430 1959 1461 1976 en

342 1996 560 2024 Anne-Frangoise
570 1993 602 2018 de
612 1993 731 2024 Salignac
741 1992 772 2016 de
782 1992 806 2016 la
819 1992 906 2016 Mothe
918 1991 1029 2020 Fénelon,
1042 1991 1168 2021 marquise
1181 1990 1212 2014 de
1223 1991 1384 2020 Bonneguire,
1395 1996 1462 2020 gere-

340 2032 498 2062 presenteerd
514 2032 579 2056 door
593 2030 624 2054 de
640 2030 665 2053 in
682 2033 743 2054 noot
759 2030 789 2053 50
803 2028 969 2059 genoemden.

340 2068 472 2098 Getuigen:
491 2066 774 2096 Frangois-Barthelemi
786 2065 818 2088 de
832 2064 950 2095 Salignac
964 2064 995 2088 de
1008 2064 1032 2087 la
1049 2064 1136 2087 Mothe
1151 2063 1263 2090 Fénelon,
1278 2063 1399 2092 bisschop
1414 2068 1461 2085 van

342 2105 458 2132 Pamiers,
479 2112 510 2128 en
535 2101 936 2132 Charlotte-Etienette-Hypolise
955 2101 987 2125 de
1006 2100 1125 2130 Salignac
1144 2100 1176 2124 de
1196 2100 1219 2123 la
1242 2099 1329 2123 Mothe
1350 2098 1462 2126 Fénelon,

339 2141 427 2165 oudste
440 2141 546 2164 dochter
559 2146 607 2163 van
621 2139 652 2162 de
665 2138 852 2165 ambassadeur,
864 2137 1056 2168 gepresenteerd
1069 2137 1133 2160 door
1146 2137 1176 2160 de
1191 2136 1215 2160 in
1230 2141 1289 2160 noot
1304 2136 1334 2160 50
1346 2144 1463 2166 genoem-

339 2178 395 2202 den.
