1564 2588
1240 165 1269 193 1

202 251 239 274 De
252 251 274 274 la
286 251 533 281 Chenaye-Desbois
544 251 566 278 7,
578 250 635 278 589;
647 251 715 274 Publ.
729 251 866 281 Limbourg
881 250 948 278 1912,
963 251 1017 278 145;
1028 250 1174 274 Courcelles
1185 250 1210 278 3;
1222 251 1274 274 Let-

201 291 256 314 tres,
272 287 407 310 mémoires
421 292 444 310 et
459 287 634 317 négotiations,
650 287 717 317 publ.
733 294 777 317 par
789 287 807 310 J.
822 288 932 316 Aymon,
948 287 1083 314 Bruxelles,
1101 287 1168 314 1709,
1182 287 1195 310 5
1210 287 1274 314 vols;

202 324 296 348 Letters
310 324 359 347 and
375 323 543 354 negotiations
557 323 585 348 of
597 328 674 348 count
688 324 828 348 d'Estrades
843 323 868 348 in
885 324 1006 354 England,
1022 323 1133 348 Holland
1148 324 1198 348 and
1213 324 1274 353 Italy

202 360 267 384 from
286 360 344 384 1637
359 365 384 384 to
402 360 468 388 1662,
482 360 568 384 transl.
583 360 649 384 from
663 360 706 384 the
721 360 825 388 French,
840 360 955 388 London,
973 360 1042 388 1755;
1056 360 1150 384 Lettres
1163 364 1186 384 et
1202 359 1274 390 négo-

201 396 303 420 tiations
316 397 347 420 de
362 397 495 421 messieurs
509 397 532 420 le
546 396 672 420 maréchal
686 397 834 424 d'Estrades,
848 397 951 421 Colbert
967 396 1078 427 marquis
1091 397 1122 420 de
1136 396 1237 427 Croissy
1250 401 1274 420 et

200 434 234 457 du
250 439 334 457 comte
350 434 473 462 d'Avaux,
489 434 681 458 ambassadeurs
698 434 931 464 plénipotentiaires
947 434 981 458 du
998 434 1045 458 Roi
1062 434 1093 458 de
1110 434 1205 458 France
1221 434 1234 457 à
1251 434 1273 457 la

202 470 258 500 paix
274 471 304 494 de
320 470 445 501 Nimègue
460 476 483 494 et
500 471 534 494 les
550 471 680 501 résponses
695 476 718 495 et
735 470 897 495 instructions
912 471 945 495 du
962 470 998 494 roi
1014 476 1037 494 et
1052 471 1083 494 de
1099 470 1229 495 monsieur
1242 471 1274 494 de

203 508 358 538 Pomponne,
374 508 407 531 La
424 508 500 538 Haye,
520 508 587 536 1710,
601 507 614 531 3
631 508 691 532 vols.
706 508 832 536 (Brieven,
848 508 990 532 memorien
1005 514 1036 532 en
1052 507 1210 538 negociatien
1225 514 1273 531 van

200 544 249 568 den
263 544 321 568 here
332 551 422 574 graeve
433 544 581 572 d'Estrades,
592 551 622 568 zo
635 544 659 568 in
672 544 702 568 de
715 544 900 574 hoedanigheid
913 551 961 568 van
973 544 1153 568 ambassadeur
1164 551 1212 568 van
1224 544 1273 568 den

203 580 304 610 Koning
320 587 367 603 van
383 580 520 610 Vrankrijk
536 580 572 610 bij
586 581 617 604 de
633 581 710 603 heren
725 580 809 604 Staten
825 580 953 604 Generaal
968 581 1012 603 der
1026 580 1166 610 Verenigde
1182 581 1274 603 Neder-

202 616 293 640 landen
308 616 453 646 gedurende
468 617 498 640 de
512 616 599 646 jaeren
618 616 677 640 1663
693 621 728 640 tot
747 616 814 644 1668,
828 617 864 640 als
880 624 928 640 van
943 616 1162 647 gevolmagtigden
1177 617 1274 640 ambas-

200 652 291 676 sadeur
303 660 351 676 van
363 652 422 677 dien
435 652 508 677 Vorst
520 660 553 682 op
565 652 595 676 de
607 652 828 682 Vredehandeling
840 657 864 677 te
876 652 1020 683 Nijmegen,
1033 657 1083 677 met
1095 660 1127 676 en
1140 652 1274 677 beneffens

200 689 231 712 de
245 689 322 712 heren
336 688 440 713 Colbert
453 696 484 713 en
499 688 584 713 Grave
596 689 720 716 d'Avaux,
735 693 784 713 met
798 689 828 713 de
841 689 1006 713 antwoorden
1019 696 1068 713 van
1081 689 1112 713 de
1126 688 1230 719 Koning
1241 696 1273 712 en

200 725 231 749 de
241 725 498 750 Staatssecretarissen
509 732 542 755 op
552 725 592 749 die
604 725 716 753 brieven,
728 732 788 749 naar
798 725 847 749 den
858 725 1056 749 onverminkten
1067 732 1099 749 en
1111 725 1197 749 besten
1208 725 1272 749 druk

201 762 320 788 vertaald,
336 762 351 784 9
368 762 449 789 delen,
468 762 580 789 Utrecht,
601 762 763 790 1775-1759);
777 762 796 785 J.
814 768 863 785 van
880 762 979 788 Vloten,
997 761 1068 785 Prins
1084 761 1185 785 Willem
1204 762 1224 785 II
1241 768 1272 785 en

200 798 348 825 d'Estrades,
364 797 399 821 in:
414 798 476 821 Ned.
492 798 622 828 Spectator
640 798 706 825 1875,
726 798 764 821 141
783 805 814 821 en
834 798 887 825 153;
903 798 931 821 R.
948 797 1032 825 Fruin,
1049 798 1120 822 Prins
1134 797 1235 821 Willem
1252 798 1272 820 II

200 842 231 858 en
242 834 390 862 d’Estrades,
403 834 438 858 in:
450 835 512 858 Ned.
524 834 652 864 Spectator
667 834 734 862 1875,
749 835 787 858 141
802 842 834 858 en
847 834 874 858 R.
889 834 985 858 Fruin’s
996 834 1144 864 Verspreide
1155 834 1274 864 geschrif-

200 876 241 895 ten
258 871 296 898 IV,
315 871 368 898 188;
381 872 410 894 A.
424 872 443 895 J.
459 871 528 899 Goll,
544 871 701 896 Recherches
715 871 832 902 critiques
846 878 889 895 sur
903 870 1083 895 l'authenticité
1097 871 1141 895 des
1154 871 1273 895 “Ambas-

200 908 271 932 sades
284 912 307 932 et
322 907 489 938 négotiations
502 908 532 932 de
547 908 582 932 M.
596 908 618 932 le
631 913 714 932 comte
726 908 887 932 d'Estrades”.
902 907 938 931 in:
952 908 1037 932 Revue
1051 907 1190 938 historique
1207 907 1272 936 1877,

202 945 242 972 III,
260 944 304 968 283
322 952 354 968 en
372 945 411 972 IV,
428 945 486 972 275;
503 945 527 968 B.
546 944 632 972 Kindt,
651 945 702 968 Der
720 945 836 968 Fälscher
851 945 896 968 der
913 944 1097 968 Briefschaften
1114 944 1157 968 des
1174 944 1272 968 Grafen

199 982 340 1006 d'Estrades
354 988 398 1006 aus
413 982 462 1005 den
476 982 570 1005 Jahren
589 981 647 1005 1637
663 982 715 1005 und
735 981 800 1010 1638,
816 981 852 1005 in:
867 982 994 1005 Deutsche
1009 981 1153 1005 Zeitschrift
1169 981 1210 1005 für
1224 980 1273 1005 Ge-

199 1018 484 1042 schichtswissenschaft
502 1018 568 1046 1892,
586 1018 640 1046 147;
654 1018 684 1042 H.
699 1018 727 1042 C.
742 1018 834 1049 Rogge,
848 1018 980 1049 Godefroy
992 1018 1064 1049 graaf
1076 1018 1224 1046 d'Estrades,
1238 1018 1274 1041 in:

201 1055 277 1084 Eigen
292 1056 376 1079 Haard
394 1056 464 1082 1897;
478 1056 507 1078 H.
522 1056 550 1078 C.
565 1056 656 1086 Rogge,
670 1056 708 1078 De
723 1055 911 1085 Diplomatieke
924 1055 1147 1084 correspondentie
1160 1062 1208 1078 van
1222 1054 1273 1078 Go-

199 1091 288 1122 defroy
300 1092 448 1119 d'Estrades,
462 1091 655 1122 buitengewoon
668 1096 757 1122 gezant
770 1099 818 1116 van
833 1091 968 1122 Frankrijk
982 1091 1016 1122 bij
1030 1092 1060 1116 de
1075 1091 1216 1122 Republiek
1230 1092 1273 1115 der

200 1128 354 1158 Vereenigde
372 1128 558 1156 Nederlanden,
576 1136 624 1152 van
646 1128 794 1156 1663-1668,
812 1128 847 1152 in:
863 1128 998 1158 Verslagen
1015 1135 1046 1152 en
1065 1128 1272 1158 mededeelingen

199 1165 244 1189 der
259 1165 427 1195 Koninklijke
442 1165 584 1189 Akademie
598 1172 647 1188 van
662 1165 888 1195 Wetenschappen,
902 1165 952 1188 afd.
969 1165 1135 1192 letterkunde,
1149 1165 1179 1188 4e
1195 1165 1272 1192 reeks,

204 1202 228 1225 le
243 1202 306 1228 deel,
321 1202 491 1229 Amsterdam,
511 1202 581 1229 1897;
595 1202 630 1225 M.
646 1201 678 1225 G.
693 1202 724 1225 de
740 1202 809 1229 Boer,
826 1202 864 1225 De
879 1201 1053 1232 vervalsingen
1069 1208 1118 1225 van
1133 1201 1272 1225 d'Estrades

199 1245 230 1262 en
247 1238 278 1262 de
294 1238 415 1268 gevolgen
432 1238 543 1262 daarvan
561 1245 622 1262 voor
638 1238 669 1262 de
686 1238 892 1262 Nederlandsche
909 1237 1102 1268 historiografie,
1120 1237 1156 1261 in:
1171 1238 1273 1268 Verslag

200 1282 247 1298 van
262 1275 301 1298 het
316 1274 398 1298 Derde
410 1282 515 1305 congres
527 1282 576 1298 van
588 1275 794 1299 Nederlandsche
806 1274 918 1298 historici
934 1274 1001 1302 1936,
1014 1274 1054 1302 20;
1067 1274 1102 1298 M.
1114 1274 1146 1298 G.
1158 1274 1189 1298 de
1202 1274 1272 1302 Boer,

201 1311 238 1334 De
251 1311 426 1342 vervalsingen
439 1318 488 1335 van
502 1311 634 1342 Godefroy
645 1311 793 1339 d'’Estrades,
807 1311 842 1334 in:
852 1310 1001 1341 Tijdschrift
1014 1318 1076 1334 voor
1088 1310 1272 1335 Geschiedenis

204 1348 270 1374 1937,
289 1348 343 1375 113;
359 1348 385 1371 R.
402 1348 508 1378 Gaspar.
526 1348 564 1372 De
578 1348 768 1378 avontuurlijke
785 1348 831 1372 reis
846 1355 895 1371 van
912 1348 1043 1378 Godefroy
1057 1348 1205 1375 d'’Estrades,
1221 1354 1272 1371 ver-

199 1384 414 1415 tegenwoordiger
426 1392 474 1408 van
487 1385 536 1408 den
551 1385 694 1408 Franschen
708 1384 810 1415 Koning
822 1384 857 1415 bij
871 1384 990 1408 Frederik
1004 1384 1127 1412 Hendrik,
1141 1384 1166 1408 in
1179 1384 1220 1408 het
1233 1384 1272 1408 be-

198 1421 240 1451 gin
253 1428 301 1445 van
314 1421 354 1445 het
364 1421 420 1451 jaar
434 1420 500 1448 1638,
513 1421 549 1445 in:
560 1421 693 1452 Bijdragen
705 1428 767 1446 voor
778 1421 976 1445 vaderlandsche
986 1420 1160 1452 geschiedenis
1170 1428 1201 1445 en
1212 1421 1272 1445 oud-

200 1457 346 1481 heidkunde
362 1458 413 1484 VII,
433 1458 460 1482 10
475 1458 568 1486 (1939),
584 1458 636 1482 248.

250 1497 284 1526 In
305 1496 377 1526 1639
392 1502 438 1526 tot
457 1496 531 1526 1640
546 1506 607 1526 was
622 1496 783 1526 secretaris
798 1506 858 1526 van
874 1496 1058 1526 ambassade
1076 1496 1174 1526 Henri
1187 1496 1274 1526 Bras-

249 1548 301 1576 set,
322 1550 366 1570 nr.
387 1541 412 1570 8.

249 1586 320 1624 Zijn
359 1586 521 1616 secretaris
559 1586 692 1624 ontving
730 1586 761 1616 in
804 1586 878 1616 1668
916 1594 975 1615 een
1013 1586 1171 1623 geschenk
1210 1594 1270 1615 van

244 1630 271 1668 f
286 1624 376 1660 6007.

104 1720 181 1749 1640
198 1720 360 1750 secretaris
379 1728 440 1750 van
459 1720 643 1750 ambassade

202 1765 299 1794 Henri
317 1765 445 1800 Brasset,
466 1774 511 1794 nr.
532 1764 557 1794 8.

104 1854 282 1883 1640-1648
314 1854 470 1884 ordinaris
503 1854 736 1888 ambassadeur,
769 1854 1014 1884 extraordinaris
1046 1854 1271 1884 ambassadeur

107 1942 148 1971 12.

204 1898 277 1928 1646

202 1942 346 1980 Gaspard
366 1942 496 1980 Coignet
516 1942 554 1972 de
574 1942 602 1972 la
626 1942 796 1978 Thuillerie,
815 1943 939 1980 (baron,
960 1942 1022 1972 mei
1047 1942 1146 1979 1650:)
1166 1947 1268 1972 comte

198 1988 236 2016 de
250 1987 406 2022 Courson,
421 1988 494 2017 raad
510 1987 542 2016 in
556 1988 607 2017 het
621 1988 797 2025 parlement
810 1996 872 2017 van
887 1987 1000 2025 Parijs;
1013 1987 1054 2017 lid
1069 1996 1130 2017 van
1144 1988 1182 2017 de
1196 1987 1269 2016 raad

199 2040 259 2061 van
278 2037 355 2062 state
374 2041 413 2062 en
433 2041 493 2062 van
513 2032 551 2062 de
571 2032 643 2062 raad
662 2041 723 2062 van
744 2032 920 2067 financiën;
939 2032 1104 2062 intendant
1123 2040 1184 2061 van
1204 2031 1270 2061 Poi-

102 2180 130 2203 27
150 2180 192 2204 Zie
209 2185 269 2204 noot
285 2180 322 2204 26.
